<?xml version="1.0" encoding="UTF-8"?><collection xmlns="http://www.loc.gov/MARC21/slim"><record><leader>00361nam--2200133-i-4500</leader><controlfield tag="001">000003725</controlfield><controlfield tag="002">20161230</controlfield><controlfield tag="005">20161230201025</controlfield><controlfield tag="008">060222s1000------------r-----000-0-eng-d</controlfield><datafield ind1=" " ind2=" " tag="100"><subfield code="a">Arnold, K</subfield></datafield><datafield ind1=" " ind2=" " tag="245"><subfield code="a">Die co geoide der freiluftreduktion</subfield></datafield><datafield ind1=" " ind2=" " tag="260"><subfield code="a">Leipzig, Akad Verlag, 1957 181-198 P</subfield></datafield><datafield ind1=" " ind2=" " tag="490"><subfield code="a">Sonderdruck Aus Gerlands Beitrage Zur Geoph</subfield></datafield><datafield ind1=" " ind2=" " tag="852"><subfield code="a">4803</subfield></datafield></record></collection>